<?xml version="1.0" encoding="UTF-8"?><collection xmlns="http://www.loc.gov/MARC21/slim"><record><leader>00568nam--2200193-i-4500</leader><controlfield tag="001">000027271</controlfield><controlfield tag="002">20161230</controlfield><controlfield tag="005">20161230201036</controlfield><controlfield tag="008">060222s1000------------r-----000-0-eng-d</controlfield><datafield ind1=" " ind2=" " tag="040"><subfield code="a">IFIN-HH</subfield></datafield><datafield ind1=" " ind2=" " tag="080"><subfield code="a">533.9</subfield></datafield><datafield ind1="1" ind2=" " tag="100"><subfield code="a">Krall, Nicholas A</subfield></datafield><datafield ind1="1" ind2="0" tag="245"><subfield code="a">Principles of plasma physics</subfield><subfield code="c">Nicolas a. krall; alvin w. trivelpiece</subfield></datafield><datafield ind1=" " ind2=" " tag="260"><subfield code="a">New York</subfield><subfield code="b">Mcgraw-hill Book Company</subfield><subfield code="c">1973</subfield></datafield><datafield ind1=" " ind2=" " tag="300"><subfield code="a">XIII + 674P</subfield></datafield><datafield ind1=" " ind2=" " tag="490"><subfield code="a">International Series In Pure And Applied Physics</subfield></datafield><datafield ind1="1" ind2=" " tag="700"><subfield code="a">Trivelpiece, Alvin W</subfield></datafield><datafield ind1=" " ind2=" " tag="852"><subfield code="a">39328</subfield><subfield code="c">533.9</subfield></datafield><datafield ind1=" " ind2=" " tag="CAT"><subfield code="a">Sys</subfield><subfield code="c">20110204</subfield><subfield code="h">113635</subfield></datafield></record></collection>